@book{jacob_tutorials_2016,
	edition = {5th},
	title = {Tutorials in the {Mathematical} {Methods} of {Physics}},
	volume = {2},
	author = {Jacob, Richard},
	month = jan,
	year = {2016},
}

@book{riley_mathematical_2006,
	title = {Mathematical methods for physics and engineering},
	isbn = {978-0-521-67971-8},
	publisher = {Cambridge University Press},
	author = {Riley, K F and Hobson, M P and Bence, S J},
	year = {2006},
}

@book{zill_advanced_2018,
	title = {Advanced engineering mathematics},
	isbn = {978-1-284-10590-2},
	publisher = {Jones \& Bartlett Learning. C},
	author = {Zill, Dennis G},
	year = {2018},
}